@article{Rodgers1985,
    title = {Improvements in multiprocessor system design},
    volume = {13},
    ISSN = {0163-5964},
    url = {http://dx.doi.org/10.1145/327070.327215},
    DOI = {10.1145/327070.327215},
    number = {3},
    journal = {ACM SIGARCH Computer Architecture News},
    publisher = {Association for Computing Machinery (ACM)},
    author = {Rodgers,  David P.},
    year = {1985},
    month = jun,
    pages = {225–231}
}

@online{AMDProductSpecifications,
    author = {{AMD Ryzen™ 7 3700X}},
    title = {AMD Product specifications},
    year = 2024,
    url = {https://www.amd.com/en/products/specifications.html},
    urldate = {2024-11-21}
}

@online{Inteli712700H,
    author = {{Intel Corporation}},
    title = {Intel i7 12700H},
    year = 2024,
    url = {https://ark.intel.com/content/www/us/en/ark/products/132228/intel-core-i7-12700h-processor-24m-cache-up-to-4-70-ghz.html},
    urldate = {2024-11-21}
}

@article{Pleyer2023,
  title = {Agent-based models in cellular systems},
  volume = {10},
  ISSN = {2296-424X},
  url = {http://dx.doi.org/10.3389/fphy.2022.968409},
  DOI = {10.3389/fphy.2022.968409},
  journal = {Frontiers in Physics},
  publisher = {Frontiers Media SA},
  author = {Pleyer,  Jonas and Fleck,  Christian},
  year = {2023},
  month = jan 
}

@online{PeaceOfPostersbwHPC,
    author = {{Jonas Pleyer}},
    title = {bwHPC Symposium 2023},
    year = 2023,
    url = {https://jonaspleyer.github.io/peace-of-posters/showcase/2023-10-23-bwhpc-symposium/},
    urldate = {2024-11-21}
}

@article{Rosati1991,
  title = {The use of ammiotic fluid viscosity measurements to establish fetal lung maturity},
  volume = {35},
  ISSN = {1879-3479},
  url = {http://dx.doi.org/10.1016/0020-7292(91)90672-R},
  DOI = {10.1016/0020-7292(91)90672-r},
  number = {4},
  journal = {International Journal of Gynecology; Obstetrics},
  publisher = {Wiley},
  author = {Rosati,  P. and Pola,  P. and Riccardi,  P. and Flore,  R. and Tondi,  P. and Bellati,  U.},
  year = {1991},
  month = aug,
  pages = {351–355}
}

@article{Steinberg1963,
  title = {Reconstruction of Tissues by Dissociated Cells: Some morphogenetic tissue movements and the sorting out of embryonic cells may have a common explanation.},
  volume = {141},
  ISSN = {1095-9203},
  url = {http://dx.doi.org/10.1126/science.141.3579.401},
  DOI = {10.1126/science.141.3579.401},
  number = {3579},
  journal = {Science},
  publisher = {American Association for the Advancement of Science (AAAS)},
  author = {Steinberg,  Malcolm S.},
  year = {1963},
  month = aug,
  pages = {401–408}
}

@article{Graner1992,
  title = {Simulation of biological cell sorting using a two-dimensional extended Potts model},
  volume = {69},
  ISSN = {0031-9007},
  url = {http://dx.doi.org/10.1103/physrevlett.69.2013},
  DOI = {10.1103/physrevlett.69.2013},
  number = {13},
  journal = {Physical Review Letters},
  publisher = {American Physical Society (APS)},
  author = {Graner,  Fran\c{c}ois and Glazier,  James A.},
  year = {1992},
  month = sep,
  pages = {2013–2016}
}

@software {GjengsetHurdles2018,
    author = {{Jon Gjengset}},
    title = {Hurdles},
    url = {https://crates.io/crates/hurdles},
    version = {1.0},
    date = {December 4th 2018},
}

@book{Schlick2002,
  title = {Molecular Modeling and Simulation},
  ISBN = {9780387224640},
  ISSN = {0939-6047},
  url = {http://dx.doi.org/10.1007/978-0-387-22464-0},
  DOI = {10.1007/978-0-387-22464-0},
  journal = {Interdisciplinary Applied Mathematics},
  publisher = {Springer New York},
  author = {Schlick,  Tamar},
  year = {2002}
}

@inbook{Pastor1994,
  title = {Techniques and Applications of Langevin Dynamics Simulations},
  ISBN = {9789401111683},
  url = {http://dx.doi.org/10.1007/978-94-011-1168-3_5},
  DOI = {10.1007/978-94-011-1168-3_5},
  booktitle = {The Molecular Dynamics of Liquid Crystals},
  publisher = {Springer Netherlands},
  author = {Pastor,  R. W.},
  year = {1994},
  pages = {85–138}
}
